% Encoding: UTF-8

@Online{neo4j20252,
  author = {neo4j},
  date   = {2025},
  title  = {What is a graph database?},
  url    = {https://neo4j.com/docs/getting-started/graph-database/},
}

@Online{Tinkerpop2023,
  author = {Apache Tinkerpop},
  date   = {2023},
  title  = {Apache Tinkerpop Gremlin Query Language},
  url    = {https://tinkerpop.apache.org/gremlin.html?utm_source=chatgpt.com},
}

@Online{NodeJS2022,
  author = {Altexsoft, Editorial Team},
  date   = {2022-11-08},
  title  = {About NodeJS},
  url    = {https://www.altexsoft.com/blog/the-good-and-the-bad-of-node-js-web-app-development/},
}

@Online{GS12025,
  author = {GS1},
  date   = {2025},
  title  = {EPCIS \& CBV Standards},
  url    = {https://www.gs1.org/standards/epcis},
  urldate = {2025-03-03},
}

@Online{Tinkerpop2023a,
  author = {Apache Tinkerpop},
  date   = {2023},
  title  = {Data System Providers},
  url    = {https://tinkerpop.apache.org/providers.html},
}

@Online{Douglas2023,
  author  = {Jason Douglas and Dan Brickley and others},
  date    = {2023-11-22},
  title   = {About schema.org},
  url     = {https://schema.org/docs/about.html},
  version = {V28.1},
}

@Online{GS1standards,
  author = {GS1, Belgium and Luxembourg},
  date   = {2025},
  title  = {Onze standaarden en oplossingen},
  url    = {https://www.gs1belu.org/nl/onze-standaarden-en-oplossingen},
}

@Online{GTIN2025,
  author = {GS1},
  date   = {2025},
  title  = {Global Trade Item Number (GTIN)},
  url    = {https://www.gs1belu.org/nl/global-trade-item-number-gtin},
}

@Online{GLN,
  author = {GS1},
  date   = {2025},
  title  = {Global Location Number (GLN)},
  url    = {https://www.gs1belu.org/nl/global-location-number-gln},
}

@Online{jsonld.org,
  author = {jsonld.org},
  title  = {JSON for Linking Data},
  url    = {https://json-ld.org/},
}

@Article{llama2,
  author       = {Hugo Touvron and Louis Martin and Kevin Stone and others},
  date         = {2023-07-18},
  journaltitle = {Meta AI Research},
  title        = {Llama 2: OpenFoundation and Fine-Tuned Chat Models},
  url          = {https://scontent-bru2-1.xx.fbcdn.net/v/t39.2365-6/10000000_662098952474184_2584067087619170692_n.pdf?_nc_cat=105&ccb=1-7&_nc_sid=3c67a6&_nc_ohc=BmmKOLbj5ycQ7kNvgGN-qHv&_nc_oc=Adljp0TrqvGwUOK-fkrfe9lP6CE_D8cNmzUpg1uyleuGW6TEOWa56qgwQJOoNAYk9X-OApi0AqTcVif4dJKueQ3Y&_nc_zt=14&_nc_ht=scontent-bru2-1.xx&_nc_gid=q1qHdD-2ucJMB2QwJY0iBA&oh=00_AYFO039C6KdXdP1yCSvKv10kFW58MPz2dnQLoHwaxkNKmA&oe=67EF203F},
  urldate      = {2025-03-30},
}

@Online{Meta2024,
  author = {Meta},
  date   = {2024-04-18},
  title  = {Introducing Meta Llama 3: The most capable openly available LLM to date},
  url    = {https://ai.meta.com/blog/meta-llama-3/},
}

@Online{Kamar2024,
  author = {Ece Kamar},
  date   = {2024-12-13},
  title  = {Introducing Phi-4: Microsoft’s Newest Small Language Model Specializing in Complex Reasoning},
  url    = {https://techcommunity.microsoft.com/blog/aiplatformblog/introducing-phi-4-microsoft’s-newest-small-language-model-specializing-in-comple/4357090},
}

@Online{Zeichick2023,
  author       = {Alan Zeichick},
  date         = {2023-09-19},
  title        = {Wat is Retrieval-Augmented Generation (RAG)?},
  url          = {https://www.oracle.com/nl/artificial-intelligence/generative-ai/retrieval-augmented-generation-rag/},
  organization = {Oracle},
}

@Comment{jabref-meta: databaseType:biblatex;}
