% Encoding: UTF-8

@Online{Put2020,
  author = {Martijn van der Put},
  date   = {2020-08-28},
  title  = {Azure Cosmos DB},
  url    = {https://humandigital.nl/nieuws-en-artikelen/azure-cosmos-db/},
}

@Comment{jabref-meta: databaseType:biblatex;}
